@online{wikipedia,
    author = "Wikipedia",
    title = "Wikipedia - Lifting-line theory",
    url  = "https://en.wikipedia.org/wiki/Lifting-line_theory",
}
@inbook{leishman,
    author = "J. Gordon Leishman",
    title = "Introduction to Aerospace Flight Vehicles",
    chapter = "36",
    url  = "https://eaglepubs.erau.edu/introductiontoaerospaceflightvehicles/chapter/lifting-line-theory/",
}